% I highly recommend using JabRef as your reference manager.

@book{solem2014python计算机视觉编程,
  title={Python计算机视觉编程},
  author={Solem, J.E.},
  isbn={9787115352323},
  series={图灵程序设计丛书},
  url={https://books.google.com.sg/books?id=-KQkswEACAAJ},
  year={2014},
  publisher={人民邮电出版社}
}

  @misc{ enwiki:1243602968,
    author = "{Wikipedia contributors}",
    title = "Interrupt --- {Wikipedia}{,} The Free Encyclopedia",
    year = "2024",
    howpublished = "\url{https://en.wikipedia.org/w/index.php?title=Interrupt&oldid=1243602968}",
    note = "[Online; accessed 12-September-2024]"
  }